@book{Ahuja93,
  added-at = {2006-09-13T17:44:28.000+0200},
  address = {Englewood Cliffs, NJ},
  author = {Ahuja, Ravindra K. and Magnanti, Thomas L. and Orlin, James B.},
  biburl = {https://www.bibsonomy.org/bibtex/217efd97c5b8db5e7da552eafa3f659c9/jmm},
  description = {JMM master bibtex},
  interhash = {189993fc2ab4eb35653e712945fa8801},
  intrahash = {17efd97c5b8db5e7da552eafa3f659c9},
  keywords = {imported},
  publisher = {Prentice Hall},
  timestamp = {2006-09-13T17:44:28.000+0200},
  title = {Network Flows: Theory, Algorithms, and Applications},
  year = 1993
}

@article{alagador2014shifting,
  title={Shifting protected areas: scheduling spatial priorities under climate change},
  author={Alagador, Diogo and Cerdeira, Jorge Orestes and Ara{\'u}jo, Miguel Bastos},
  journal={Journal of applied ecology},
  volume={51},
  number={3},
  pages={703--713},
  year={2014},
  publisher={Wiley Online Library}
}

@article{araujo2004would,
  title={Would climate change drive species out of reserves? An assessment of existing reserve-selection methods},
  author={Ara{\'u}jo, Miguel B and Cabeza, Mar and Thuiller, Wilfried and Hannah, Lee and Williams, Paul H},
  journal={Global change biology},
  volume={10},
  number={9},
  pages={1618--1626},
  year={2004},
  publisher={Wiley Online Library}
}

@article{baker2014linking,
  title={Linking multiple biodiversity informatics platforms with Darwin Core Archives},
  author={Baker, Mr Ed and Rycroft, Simon and Smith, Vincent S},
  journal={Biodiversity data journal},
  number={2},
  year={2014},
  publisher={Pensoft Publishers}
}


@article{beier2007linkage,
  title={Linkage designs for Arizona’s missing linkages},
  author={Beier, P and Majka, DR and Bayless, T},
  journal={Arizona Game and Fish Department, Phoenix},
  year={2007}
}

@article{boyle2013taxonomic,
  title={The taxonomic name resolution service: an online tool for automated standardization of plant names},
  author={Boyle, Brad and Hopkins, Nicole and Lu, Zhenyuan and Garay, Juan Antonio Raygoza and Mozzherin, Dmitry and Rees, Tony and Matasci, Naim and Narro, Martha L and Piel, William H and Mckay, Sheldon J and others},
  journal={BMC bioinformatics},
  volume={14},
  number={1},
  pages={16},
  year={2013},
  publisher={BioMed Central}
}

@misc{Boyle2019GNRS,
  author = {Boyle, Brad},
  title = {Geographic Name Resolution Service (GNRS)},
  year = {2019},
  publisher = {GitHub},
  journal = {GitHub repository},
  howpublished = {\url{https://github.com/ojalaquellueva/gnrs}},
  commit = {b2a662e01ea4177bae6ca4486f17bf66db8b2261}
}

@misc{Boyle2019NSR,
  author = {Boyle, Brad},
  title = {Native Status Resolver (NSR)},
  year = {2019},
  publisher = {GitHub},
  journal = {GitHub repository},
  howpublished = {\url{https://github.com/ojalaquellueva/nsr}},
  commit = {f586099049b9ff5b831891b44b6eecf6782652f8}
}

@inproceedings{de2018soilgrids,
  title={SoilGrids: using big data solutions and machine learning algorithms for global soil mapping},
  author={De Sousa, LM and Heuvelink, GBM and Batjes, NH and Kempen, B},
  booktitle={Scientific Symposium FAIR Data Sciences for Green Life Sciences},
  pages={1--1},
  year={2018}
}



@article{chen2011rapid,
  title={Rapid range shifts of species associated with high levels of climate warming},
  author={Chen, I-Ching and Hill, Jane K and Ohlem{\"u}ller, Ralf and Roy, David B and Thomas, Chris D},
  journal={Science},
  volume={333},
  number={6045},
  pages={1024--1026},
  year={2011},
  publisher={American Association for the Advancement of Science}
}

@Manual{Corcoran_Quadcost,
    title = {QuadCostAmpl: Transforms a stack of timeslices of species distribution models
into data for ampl modeling},
    author = {Derek Corcoran and Javier Fajardo},
    year = {2019},
    note = {R package version 0.1.0},
    url = {https://github.com/derek-corcoran-barrios/QuadCostAmpl},
}

@article{cushman2013biological,
  title={Biological corridors and connectivity [Chapter 21]},
  author={Cushman, Samuel A and McRae, Brad and Adriaensen, Frank and Beier, Paul and Shirley, Mark and Zeller, Kathy},
  journal={In: Macdonald, DW; Willis, KJ, eds. Key Topics in Conservation Biology 2. Hoboken, NJ: Wiley-Blackwell. p. 384-404.},
  pages={384--404},
  year={2013},
  publisher={Wiley Online Library}
}

@article{di2014quick,
  title={A quick introduction to Zonation},
  author={Di Minin, Enrico and Veach, Victoria and Lehtom{\"a}ki, Joona and Montesino Pouzols, Federico and Moilanen, Atte and others},
  year={2014},
  publisher={Helsingin yliopisto}
}

@article{fajardo_javier_2018_2669407,
  title={GCM compareR: A web application to assess differences and assist in the selection of General Circulation Models for climate change research},
  author={Fajardo, Javier and Corcoran, Derek and Roehrdanz, Patrick R and Hannah, Lee and Marquet, Pablo A},
  journal={Methods in Ecology and Evolution},
  year={2020},
  publisher={Wiley Online Library}
}


@article{fischer2009integrating,
  title={Integrating resilience thinking and optimisation for conservation},
  author={Fischer, Joern and Peterson, Garry D and Gardner, Toby A and Gordon, Line J and Fazey, Ioan and Elmqvist, Thomas and Felton, Adam and Folke, Carl and Dovers, Stephen},
  journal={Trends in ecology \& evolution},
  volume={24},
  number={10},
  pages={549--554},
  year={2009},
  publisher={Elsevier}
}

@article{gregory2014forecasts,
  title={Forecasts of habitat suitability improve habitat corridor efficacy in rapidly changing environments},
  author={Gregory, Stephen D and Ancrenaz, Marc and Brook, Barry W and Goossens, Benoit and Alfred, Raymond and Ambu, Laurentius N and Fordham, Damien A},
  journal={Diversity and Distributions},
  volume={20},
  number={9},
  pages={1044--1057},
  year={2014},
  publisher={Wiley Online Library}
}

@article{hannah2007protected,
  title={Protected area needs in a changing climate},
  author={Hannah, Lee and Midgley, Guy and Andelman, Sandy and Ara{\'u}jo, Miguel and Hughes, Greg and Martinez-Meyer, Enrique and Pearson, Richard and Williams, Paul},
  journal={Frontiers in Ecology and the Environment},
  volume={5},
  number={3},
  pages={131--138},
  year={2007},
  publisher={Wiley Online Library}
}

@Manual{Hanson2019,
    title = {prioritizr: Systematic Conservation Prioritization in R},
    author = {Jeffrey O Hanson and Richard Schuster and Nina Morrell and Matthew Strimas-Mackey and Matthew E Watts and Peter Arcese and Joseph Bennett and Hugh P Possingham},
    year = {2019},
    note = {R package version 4.1.4},
    url = {https://CRAN.R-project.org/package=prioritizr},
  }

@Manual{Hijmans_Dismo,
    title = {dismo: Species Distribution Modeling},
    author = {Robert J. Hijmans and Steven Phillips and John Leathwick and Jane Elith},
    year = {2017},
    note = {R package version 1.1-4},
    url = {https://CRAN.R-project.org/package=dismo},
}

@article{jenkins2015us,
  title={US protected lands mismatch biodiversity priorities},
  author={Jenkins, Clinton N and Van Houtan, Kyle S and Pimm, Stuart L and Sexton, Joseph O},
  journal={Proceedings of the National Academy of Sciences},
  volume={112},
  number={16},
  pages={5081--5086},
  year={2015},
  publisher={National Acad Sciences}
}

@article{jones2016incorporating,
  title={Incorporating climate change into spatial conservation prioritisation: A review},
  author={Jones, Kendall R and Watson, James EM and Possingham, Hugh P and Klein, Carissa J},
  journal={Biological Conservation},
  volume={194},
  pages={121--130},
  year={2016},
  publisher={Elsevier}
}

@article{lawler2013projected,
  title={Projected climate-driven faunal movement routes},
  author={Lawler, JJ and Ruesch, AS and Olden, JD and McRae, BH},
  journal={Ecology letters},
  volume={16},
  number={8},
  pages={1014--1022},
  year={2013},
  publisher={Wiley Online Library}
}

@article{lenoir2008significant,
  title={A significant upward shift in plant species optimum elevation during the 20th century},
  author={Lenoir, Jonathan and G{\'e}gout, Jean-Claude and Marquet, PA and De Ruffray, P and Brisse, H},
  journal={science},
  volume={320},
  number={5884},
  pages={1768--1771},
  year={2008},
  publisher={American Association for the Advancement of Science}
}


@incollection{marquet_2019,
  author      = {Marquet, Pablo and Lessman, Janeth and Shaw, Rebecca},
  title       = {Protected-area management and climate change},
  editor      = {Lovejoy, Thomas E and Hannah, Lee and Wilson, Edward O},
  booktitle   = {Biodiversity and Climate Change: Transforming the Biosphere},
  publisher   = {Yale University Press},
  address     = {New Haven, Connecticut},
  year        = {2019},
  pages       = {283-293},
  chapter     = {22},
}

@article{merow2013practical,
  title={A practical guide to MaxEnt for modeling species’ distributions: what it does, and why inputs and settings matter},
  author={Merow, Cory and Smith, Matthew J and Silander Jr, John A},
  journal={Ecography},
  volume={36},
  number={10},
  pages={1058--1069},
  year={2013},
  publisher={Wiley Online Library}
}

@article{merow2014we,
  title={What do we gain from simplicity versus complexity in species distribution models?},
  author={Merow, Cory and Smith, Mathew J and Edwards Jr, Thomas C and Guisan, Antoine and McMahon, Sean M and Normand, Signe and Thuiller, Wilfried and W{\"u}est, Rafael O and Zimmermann, Niklaus E and Elith, Jane},
  journal={Ecography},
  volume={37},
  number={12},
  pages={1267--1281},
  year={2014},
  publisher={Wiley Online Library}
}


@article{minoux1984polynomial,
  title={A polynomial algorithm for minimum quadratic cost flow problems},
  author={Minoux, Michel},
  journal={European Journal of Operational Research},
  volume={18},
  number={3},
  pages={377--387},
  year={1984},
  publisher={Elsevier}
}

@incollection{minoux1986solving,
  title={Solving integer minimum cost flows with separable convex cost objective polynomially},
  author={Minoux, Michel},
  booktitle={Netflow at Pisa},
  pages={237--239},
  year={1986},
  publisher={Springer}
}

@article{naidoo2007global,
  title={Global-scale mapping of economic benefits from agricultural lands: Implications for conservation priorities},
  author={Naidoo, Robin and Iwamura, Takuya},
  journal={Biological Conservation},
  volume={140},
  number={1-2},
  pages={40--49},
  year={2007},
  publisher={Elsevier}
}


@article{nunez2013connectivity,
  title={Connectivity planning to address climate change},
  author={Nu{\~n}ez, Tristan A and Lawler, Joshua J and McRae, Brad H and Pierce, D John and Krosby, Meade B and Kavanagh, Darren M and Singleton, Peter H and Tewksbury, Joshua J},
  journal={Conservation Biology},
  volume={27},
  number={2},
  pages={407--416},
  year={2013},
  publisher={Wiley Online Library}
}

@article{phillips2006maximum,
  title={Maximum entropy modeling of species geographic distributions},
  author={Phillips, Steven J and Anderson, Robert P and Schapire, Robert E},
  journal={Ecological modelling},
  volume={190},
  number={3-4},
  pages={231--259},
  year={2006},
  publisher={Elsevier}
}


@article{phillips2010voting,
  title={Voting power and target-based site prioritization},
  author={Phillips, Steven J and Archer, Aaron and Pressey, Robert L and Torkornoo, Desmond and Applegate, David and Johnson, David and Watts, Matthew E},
  journal={Biological Conservation},
  volume={143},
  number={9},
  pages={1989--1997},
  year={2010},
  publisher={Elsevier}
}

@article{phillips2008optimizing,
  title={Optimizing dispersal corridors for the Cape Proteaceae using network flow},
  author={Phillips, Steven J and Williams, Paul and Midgley, Guy and Archer, Aaron},
  journal={Ecological Applications},
  volume={18},
  number={5},
  pages={1200--1211},
  year={2008},
  publisher={Wiley Online Library}
}

@article{regos2016predicting,
  title={Predicting the future effectiveness of protected areas for bird conservation in Mediterranean ecosystems under climate change and novel fire regime scenarios},
  author={Regos, Adri{\'a}n and D'Amen, Manuela and Titeux, Nicolas and Herrando, Sergi and Guisan, Antoine and Brotons, Llu{\'\i}s},
  journal={Diversity and Distributions},
  volume={22},
  number={1},
  pages={83--96},
  year={2016},
  publisher={Wiley Online Library}
}

@article{reside2017trade,
  title={Trade-offs in carbon storage and biodiversity conservation under climate change reveal risk to endemic species},
  author={Reside, April Elizabeth and VanDerWal, Jeremy and Moran, Catherine},
  journal={Biological conservation},
  volume={207},
  pages={9--16},
  year={2017},
  publisher={Elsevier}
}


@article{rodrigues2004global,
  title={Global gap analysis: priority regions for expanding the global protected-area network},
  author={Rodrigues, Ana SL and Akcakaya, H Resit and Andelman, Sandy J and Bakarr, Mohamed I and Boitani, Luigi and Brooks, Thomas M and Chanson, Janice S and Fishpool, Lincoln DC and Da Fonseca, Gustavo AB and Gaston, Kevin J and others},
  journal={AIBS Bulletin},
  volume={54},
  number={12},
  pages={1092--1100},
  year={2004},
  publisher={American Institute of Biological Sciences}
}

@article{rodrigues2004effectiveness,
  title={Effectiveness of the global protected area network in representing species diversity},
  author={Rodrigues, Ana SL and Andelman, Sandy J and Bakarr, Mohamed I and Boitani, Luigi and Brooks, Thomas M and Cowling, Richard M and Fishpool, Lincoln DC and da Fonseca, Gustavo AB and Gaston, Kevin J and Hoffmann, Michael and others},
  journal={Nature},
  volume={428},
  number={6983},
  pages={640},
  year={2004},
  publisher={Nature Publishing Group}
}

@article{rosenberg1997biological,
  title={Biological corridors: form, function, and efficacy},
  author={Rosenberg, Daniel K and Noon, Barry R and Meslow, E Charles},
  journal={BioScience},
  volume={47},
  number={10},
  pages={677--687},
  year={1997},
  publisher={JSTOR}
}

@article{tuanmu2014global,
  title={A global 1-km consensus land-cover product for biodiversity and ecosystem modelling},
  author={Tuanmu, Mao-Ning and Jetz, Walter},
  journal={Global Ecology and Biogeography},
  volume={23},
  number={9},
  pages={1031--1045},
  year={2014},
  publisher={Wiley Online Library}
}

@article{unep2018ngs,
  title={NGS (2018)},
  author={UNEP-WCMC, IUCN},
  journal={Protected planet report},
  year={2018}
}

@article{williams2005planning,
  title={Planning for climate change: identifying minimum-dispersal corridors for the Cape proteaceae},
  author={Williams, Paul and Hannah, Lee and Andelman, Sandy and Midgley, Guy and Ara{\'u}jo, Miguel and Hughes, Greg and Manne, Lisa and Martinez-Meyer, Enrique and Pearson, Richard},
  journal={Conservation Biology},
  volume={19},
  number={4},
  pages={1063--1074},
  year={2005},
  publisher={Wiley Online Library}
}

@article{zappa2017storylines,
  title={Storylines of atmospheric circulation change for European regional climate impact assessment},
  author={Zappa, Giuseppe and Shepherd, Theodore G},
  journal={Journal of Climate},
  volume={30},
  number={16},
  pages={6561--6577},
  year={2017}
}

@article{zar1972significance,
  title={Significance testing of the Spearman rank correlation coefficient},
  author={Zar, Jerrold H},
  journal={Journal of the American Statistical Association},
  volume={67},
  number={339},
  pages={578--580},
  year={1972},
  publisher={Taylor \& Francis}
}
